@article{jerez2017multitrace,
  title={Multitrace/singletrace formulations and domain decomposition methods for the solution of Helmholtz transmission problems for bounded composite scatterers},
  author={Jerez-Hanckes, Carlos and P{\'e}rez-Arancibia, Carlos and Turc, Catalin},
  journal={Journal of Computational Physics},
  volume={350},
  pages={343--360},
  year={2017},
  publisher={Elsevier}
}

@article{widmer2008sparse,
  title={Sparse adaptive finite elements for radiative transfer},
  author={Widmer, Gisela and Hiptmair, Ralf and Schwab, Ch},
  journal={Journal of Computational Physics},
  volume={227},
  number={12},
  pages={6071--6105},
  year={2008},
  publisher={Elsevier}
}


@article{serkh2016solution,
  title={On the solution of elliptic partial differential equations on regions with corners},
  author={Serkh, Kirill and Rokhlin, Vladimir},
  journal={Journal of Computational Physics},
  volume={305},
  pages={150--171},
  year={2016},
  publisher={Elsevier}
}

