%% This BibTeX bibliography file was created using BibDesk.
%% https://bibdesk.sourceforge.io/

%% Created for aerandym at 2019-09-11 13:31:19 -0400 


%% Saved with string encoding Unicode (UTF-8) 



@article{helsinv,
	Author = {Helsing, Johan and Johansson, Thomas},
	Date-Added = {2018-12-20 22:47:55 +0000},
	Date-Modified = {2018-12-21 00:01:08 +0000},
	Journal = {Inverse Probl. Sci. Engn.},
	Number = {3},
	Pages = {381-399},
	Title = {Fast reconstruction of harmonic functions from {C}auchy data using integral equation techniques},
	Volume = {18},
	Year = {2010}}

@article{helsjcp,
	Author = {Helsing, Johan},
	Date-Added = {2018-12-20 22:43:25 +0000},
	Date-Modified = {2018-12-20 22:44:24 +0000},
	Journal = {J. Comput. Phys.},
	Month = {December},
	Number = {23},
	Pages = {8892-8907},
	Title = {Integral equation methods for elliptic problems with boundary conditions of mixed type},
	Volume = {228},
	Year = {2009}}

@article{ojala,
	Author = {Ojala, Rikard},
	Date-Added = {2018-12-20 22:38:29 +0000},
	Date-Modified = {2018-12-20 22:43:44 +0000},
	Journal = {J. Comput. Math.},
	Month = {July},
	Number = {4},
	Pages = {433-448},
	Title = {A ROBUST AND ACCURATE SOLVER OF LAPLACE'S EQUATION WITH GENERAL BOUNDARY CONDITIONS ON GENERAL DOMAINS IN THE PLANE},
	Volume = {30},
	Year = {2012}}

@article{tygert,
	Author = {Martinsson, Per-Gunnar and Rokhlin, Vladimir and Tygert, Mark},
	Date-Added = {2017-12-17 23:45:29 +0000},
	Date-Modified = {2017-12-17 23:47:16 +0000},
	Journal = {Comm. App. Math. and Comp. Sci.},
	Number = {1},
	Pages = {133-142},
	Title = {On Interpolation and {I}ntegration in {F}inite-{D}imensional {S}paces of {B}ounded {F}unctions},
	Volume = {1},
	Year = {2006}}

@book{grisvard,
	Author = {Grisvard, Pierre},
	Date-Added = {2017-12-17 22:43:12 +0000},
	Date-Modified = {2017-12-17 22:44:01 +0000},
	Publisher = {Boston: Pitman Advanced Pub. Program},
	Title = {Elliptic problems in nonsmooth domains},
	Year = {1985}}

@book{mazya2,
	Author = {Maz'ya, V. G. and S. M. Nikol'skii},
	Date-Added = {2017-12-17 22:41:33 +0000},
	Date-Modified = {2017-12-17 22:43:00 +0000},
	Publisher = {New York: Springer-Verlag},
	Title = {Analysis IV: Linear and Boundary Integral Equations (Encycopedia of Mathematical Sciences)},
	Year = {1991}}

@article{mazya,
	Author = {Zargaryan, S. S.and Maz'ya, V. G.},
	Date-Added = {2017-12-17 22:37:17 +0000},
	Date-Modified = {2017-12-17 22:41:08 +0000},
	Journal = {PMM U.S.S.R.},
	Number = {1},
	Pages = {120-124},
	Title = {The {A}symptotic {F}orm of the {S}olutions of the {I}ntegral {E}quations of {P}otential {T}heory in the {N}eighborhood of the {C}orner {P}oints of a {C}ontour},
	Volume = {48},
	Year = {1984}}

@article{lehman,
	Author = {Lehman, R. Sherman},
	Date-Added = {2017-12-17 22:35:33 +0000},
	Date-Modified = {2017-12-17 22:36:37 +0000},
	Journal = {Pacific Journal of Mathematics},
	Number = {3},
	Pages = {1437-1449},
	Title = {Development of the {M}apping {F}unction at an {A}nalytic {C}orner},
	Volume = {7},
	Year = {1957}}

@article{hao,
	Author = {Hao, S. and Barnett, A. H. and Martinsson, P. G. and Young, P.},
	Date-Added = {2017-12-17 22:33:06 +0000},
	Date-Modified = {2017-12-17 22:35:10 +0000},
	Journal = {Adv. Comput. Math.},
	Title = {High-order accurate {N}ystr\"om discretization of integral equations with weakly singular kernels on smooth curves in the plane},
	Volume = {40},
	Year = {2014}}

@techreport{lederman,
	Author = {Lederman, Roy R. and Rokhlin, Vladimir},
	Date-Added = {2017-12-14 00:00:07 +0000},
	Date-Modified = {2017-12-14 00:01:18 +0000},
	Institution = {Yale University},
	Title = {On the Analytical and Numerical Properties of the Truncated Laplace Transform {II}},
	Year = {2015}}

@unpublished{serkhc3,
	Author = {Serkh, Kirill},
	Date-Added = {2017-12-10 06:58:44 +0000},
	Date-Modified = {2017-12-10 07:38:20 +0000},
	Note = {Manuscript in preparation},
	Title = {On the solution of elliptic partial differential equations on regions with corners {III}: curved boundaries}}

@article{serkhrachh,
	Author = {Rachh, Manas and Serkh, Kirill},
	Date-Added = {2017-12-10 05:18:29 +0000},
	Date-Modified = {2017-12-10 05:20:48 +0000},
	Journal = {arXiv:1711.04072},
	Title = {On the solution of {S}tokes equation on regions with corners},
	Year = {2017}}

@article{serkhpnas,
	Author = {Serkh, Kirll and Rokhlin, Vladimir},
	Date-Added = {2017-12-10 05:16:25 +0000},
	Date-Modified = {2017-12-10 05:17:14 +0000},
	Journal = {PNAS},
	Number = {33},
	Pages = {9171-9176},
	Title = {On the solution of the {H}elmholtz equation on regions with corners},
	Volume = {113},
	Year = {2016}}

@article{martinsson,
	Author = {Martinsson, P.G. and Rokhlin, V},
	Date-Added = {2017-12-10 00:06:08 +0000},
	Date-Modified = {2017-12-10 00:07:56 +0000},
	Journal = {J. Comput. Phys.},
	Number = {23},
	Title = {A fast direct solver for boundary integral equations in two dimensions},
	Volume = {1},
	Year = {2005}}

@book{golub,
	Author = {Golub, G. and Van~Loan, Charles F.},
	Date-Added = {2017-12-08 23:16:29 +0000},
	Date-Modified = {2017-12-08 23:18:02 +0000},
	Publisher = {Johns Hopkins University Press},
	Title = {Matrix Computations},
	Year = {1996}}

@book{atkinson,
	Author = {Atkinson, Kendall E.},
	Date-Added = {2017-12-08 15:53:25 +0000},
	Date-Modified = {2017-12-08 15:54:37 +0000},
	Publisher = {Cambridge University Press},
	Title = {The {N}umerical {S}olution of {I}ntegral {E}quations of the {S}econd {K}ind},
	Year = {1997}}

@article{bremer2010,
	Author = {Bremer, James and Gimbutas, Zydrunas and Rokhlin, V},
	Date-Added = {2017-11-18 17:15:32 +0000},
	Date-Modified = {2017-11-18 17:17:59 +0000},
	Journal = {SIAM J. Sci. Comput.},
	Number = {4},
	Pages = {1761--1788},
	Title = {A {N}onlinear {O}ptimization {P}rocedure for {G}eneralized {G}aussian {Q}uadratures},
	Volume = {32},
	Year = {2010}}

@article{serkhacha,
	Author = {Serkh, Kirill},
	Date-Added = {2017-11-16 19:18:14 +0000},
	Date-Modified = {2017-12-14 00:02:18 +0000},
	Journal = {Appl. Comput. Harmon. Anal.},
	Title = {On the solution of elliptic partial differential equations on regions with corners {II}: {D}etailed analysis},
	Volume = {5},
	Year = {2017}}

@article{verchota,
	Author = {Verchota, Gregory},
	Date-Added = {2017-11-16 19:08:34 +0000},
	Date-Modified = {2017-11-16 19:09:31 +0000},
	Journal = {J. Funct. Anal},
	Number = {3},
	Pages = {572-611},
	Title = {Layer potentials and regularity for the Dirichlet problem for Laplace's equation in Lipschitz domains},
	Volume = {59},
	Year = {1984}}

@article{coifman,
	Author = {Coifman, R and Jones, Peter and Semmes, Stephen},
	Date-Added = {2017-11-16 19:06:21 +0000},
	Date-Modified = {2017-11-16 19:11:36 +0000},
	Journal = {J. Am. Math. Soc.},
	Number = {3},
	Pages = {553-564},
	Title = {Two elementary {P}roofs of the ${L}^2$ {B}oundedness of {C}auchy {I}ntegrals on {L}ipschitz {C}urves.},
	Volume = {2},
	Year = {1989}}

@article{bremer3,
	Author = {Bremer, James},
	Date-Added = {2017-11-16 19:04:01 +0000},
	Date-Modified = {2017-11-16 19:11:10 +0000},
	Journal = {Appl. Comput. Harmon. Anal.},
	Number = {1},
	Pages = {45-64},
	Title = {On the {N}ystr\"om discretization of integral equations on planar curves with corners},
	Volume = {32},
	Year = {2012}}

@article{bremer2,
	Author = {Bremer, James},
	Date-Added = {2017-11-16 19:02:32 +0000},
	Date-Modified = {2017-11-16 19:03:45 +0000},
	Journal = {J. Comput. Phys.},
	Number = {4},
	Pages = {1879-1899},
	Title = {A fast direct solver for the integral equations of scattering theory on planar curves with corners},
	Volume = {231},
	Year = {2012}}

@article{bremer,
	Author = {Bremer, James and Rokhlin, V and Sammis, Ian},
	Date-Added = {2017-11-16 19:00:25 +0000},
	Date-Modified = {2017-11-16 19:02:10 +0000},
	Journal = {J. Comput. Phys.},
	Number = {22},
	Pages = {8259-8280},
	Title = {Universal quadratures for boundary integral equations on two-dimensional domains with corners},
	Volume = {229},
	Year = {2010}}

@article{gillman,
	Author = {Gillman, A and Hao, S and Martinsson, P. G.},
	Date-Added = {2017-11-16 18:58:13 +0000},
	Date-Modified = {2017-11-16 18:59:42 +0000},
	Journal = {J. Comput. Phys.},
	Number = {C},
	Pages = {214-219},
	Title = {A simplified technique for the efficient and highly accurate discretization of boundary integral equations in 2D on domains with corners},
	Volume = {256},
	Year = {2014}}

@article{helsing2,
	Author = {Helsing, Johan and Perfekt, Karl},
	Date-Added = {2017-11-16 18:55:10 +0000},
	Date-Modified = {2017-11-16 18:57:56 +0000},
	Journal = {Appl. Comput. Harmon. Anal.},
	Number = {3},
	Pages = {445-468},
	Title = {On the polarizability and capacitance of the cube},
	Volume = {34},
	Year = {2013}}

@article{helsing,
	Author = {Helsing, Johan},
	Date-Added = {2017-11-16 18:52:45 +0000},
	Date-Modified = {2017-11-16 18:53:30 +0000},
	Journal = {SIAM J. Sci. Comput.},
	Number = {1},
	Pages = {153-174},
	Title = {A FAST AND STABLE SOLVER FOR SINGULAR INTEGRAL EQUATIONS ON PIECEWISE SMOOTH CURVES},
	Volume = {33},
	Year = {2011}}

@article{yarvin1998,
	Author = {Yarvin, N and Rokhlin, V},
	Date-Added = {2017-11-16 18:43:57 +0000},
	Date-Modified = {2017-11-16 18:46:33 +0000},
	Journal = {SIAM J. Sci. Comput.},
	Number = {2},
	Pages = {699-718},
	Title = {GENERALIZED GAUSSIAN QUADRATURES AND SINGULAR VALUE DECOMPOSITIONS OF INTEGRAL OPERATORS},
	Volume = {20},
	Year = {1998}
}

@article{gopal2019solving,
  title={Solving Laplace problems with corner singularities via rational functions},
  author={Gopal, Abinand and Trefethen, Lloyd N},
  journal={arXiv preprint arXiv:1905.02960},
  year={2019}
}

@article{hoskins2019numerical,
  title={On the numerical solution of elliptic partial differential equations on polygonal domains},
  author={Hoskins, Jeremy G and Rokhlin, Vladimir and Serkh, Kirill},
  journal={SIAM Journal on Scientific Computing},
  volume={41},
  number={4},
  pages={A2552--A2578},
  year={2019},
  publisher={SIAM}
}

@book{kress1989linear,
  title={Linear integral equations},
  author={Kress, Rainer and Maz'ya, V and Kozlov, V},
  volume={17},
  year={1989},
  publisher={Springer}
}


@article{hoskins2018numerical,
  title={On the Numerical Solution of Transmission Problems for the Laplace equation on Polygonal Domains},
  author={Hoskins, Jeremy},
  year={2018}
}

@article{hoskins2019solution,
  title={On the solution of Laplace's equation in the vicinity of triple-junctions},
  author={Hoskins, Jeremy and Rachh, Manas},
  journal={arXiv preprint arXiv:1907.10718},
  year={2019}
}
